51705 102126 #
51403 102386 #
51198 102644 #
50973 102848 #
50762 103094 #
51860 102426 #
52058 102668 #
52316 102778 #
52560 102970 #
52748 103350 #
52631 103820 #
52446 104038 #
52197 104270 #
51968 104414 #
51713 104558 #
51458 104630 #
51211 104438 #
53041 103206 #
53336 103046 #
53587 102798 #
53877 102320 #
53654 102076 #
53364 101778 #
53083 101448 #
52760 100940 #
52500 101094 #
52268 101300 #
52063 101566 #
51869 101760 #
54159 102246 #
54401 102224 #
54642 101982 #
54812 101572 #
54840 101140 #
54746 100734 #
54458 100424 #
54215 100244 #
53958 100118 #
53643 100118 #
53366 100256 #
53124 100470 #
52937 100676 #
54447 99988 #
54690 99708 #
54858 99424 #
54971 99006 #
54679 98780 #
54508 98632 #
54389 98238 #
55282 99286 #
55557 99572 #
56002 99814 #
56212 99484 #
56452 99182 #
56675 98946 #
56907 98746 #
57200 98546 #
57460 98280 #
57655 98024 #
57703 97676 #
57464 97274 #
57304 96982 #
57593 96708 #
57861 96436 #
56994 96930 #
56733 96964 #
56543 96610 #
56293 96324 #
56106 96116 #
56600 97278 #
56370 97538 #
56148 97766 #
55899 97994 #
55643 98206 #
55389 98400 #
55110 98650 #
57865 97894 #
58122 98162 #
58328 98386 #
58504 98674 #
58741 98914 #
59013 99122 #
59242 98892 #
59471 98658 #
59705 98470 #
59887 98262 #
59219 99366 #
59384 99580 #
59561 99802 #
59766 100082 #
59995 100302 #
60289 100634 #
58817 99436 #
58548 99610 #
58288 99822 #
57977 100046 #
58168 100406 #
58401 100744 #
58663 101066 #
59027 101436 #
58939 101664 #
58766 101970 #
58514 102218 #
58296 102512 #
57996 102320 #
57700 102042 #
57428 101782 #
57234 101554 #
57012 101338 #
56731 101558 #
56437 101730 #
56131 101968 #
55819 102390 #
56051 102672 #
56273 102934 #
56521 103186 #
56799 103376 #
57050 103700 #
55548 102594 #
55315 102778 #
55156 102450 #
54919 102228 #
55191 103092 #
54952 103332 #
54797 103686 #
54954 104002 #
55174 104242 #
55442 104472 #
55691 104700 #
55888 104908 #
54528 103840 #
54265 104008 #
53976 104178 #
53811 104390 #
53719 104796 #
53809 105076 #
54005 105280 #
54224 105470 #
54467 105700 #
54714 105992 #
53484 104930 #
53220 105054 #
53002 105240 #
52800 105324 #
52616 105486 #
52539 105736 #
52565 106074 #
52732 106314 #
52930 106498 #
53155 106732 #
53366 106986 #
53615 107198 #
58607 102204 #
0 0
0 1 387
0 5 339
0 28 11
1 2 329
2 3 303
3 4 324
5 6 312
6 7 280
7 8 310
8 9 423
9 10 484
9 17 326
10 11 285
11 12 340
12 13 270
13 14 292
14 15 264
15 16 312
17 18 335
18 19 352
19 20 559
20 21 330
20 29 291
21 22 415
22 23 433
23 24 608
24 25 302
24 41 6
25 26 310
26 27 335
27 28 274
29 30 242
30 31 348
31 32 435
31 121 8
32 33 432
33 34 416
34 35 423
35 36 302
36 37 286
36 42 345
37 38 315
38 39 309
39 40 323
40 41 278
42 43 370
43 44 329
44 45 430
45 46 381
45 49 406
45 75 12
46 47 226
47 48 411
49 50 396
50 51 506
51 52 391
52 53 385
53 54 324
54 55 306
55 56 354
56 57 371
57 58 321
58 59 351
59 60 467
59 76 271
60 61 332
61 62 398
61 64 314
62 63 381
64 65 263
65 66 401
65 69 341
66 67 379
67 68 279
69 70 347
70 71 318
71 72 337
72 73 332
73 74 319
74 75 374
76 77 371
77 78 304
78 79 337
79 80 337
80 81 342
81 82 324
81 86 319
81 92 370
82 83 327
83 84 300
84 85 276
86 87 270
87 88 283
88 89 347
89 90 317
90 91 443
92 93 320
93 94 335
94 95 383
95 96 407
96 97 410
97 98 415
98 99 508
99 100 259
99 152 16
100 101 351
101 102 353
102 103 366
103 104 356
104 105 406
105 106 376
106 107 299
107 108 309
108 109 356
109 110 340
110 111 387
111 112 524
112 113 365
112 118 339
113 114 343
114 115 353
115 116 336
116 117 409
118 119 296
119 120 364
119 122 337
120 121 324
122 123 338
123 124 386
124 125 352
124 130 309
125 126 325
126 127 353
127 128 337
128 129 286
130 131 312
131 132 335
132 133 268
133 134 416
134 135 294
134 140 270
135 136 282
136 137 289
137 138 334
138 139 382
140 141 291
141 142 286
142 143 218
143 144 245
144 145 261
145 146 338
146 147 292
147 148 270
148 149 324
149 150 330
150 151 327
151 152 7061
0 0
